@inproceedings{UNET:2015,
    author        = {Olaf Ronneberger and Philipp Fischer and Thomas Brox},
    title         = {U-Net: Convolutional Networks for Biomedical Image Segmentation},
    year          = {2015},
    location      = {University of Freiburg, Germany},
    link          = {https://arxiv.org/abs/1505.04597v1}
} 

@inproceedings{DOUBLE_UNET:2020,
    author        = {Debesh Jha and Michael A. Riegler and Dag Johansen and Pål Halvorsen and Håvard D. Johansen},
    title         = {DoubleU-Net: A Deep Convolutional Neural Network for Medical Image Segmentation},
    year          = {2015},
    location      = {University of Norway, Norway},
    link          = {https://arxiv.org/abs/2006.04868v2}
} 

@inproceedings{VALVERDE:2017,
    author        = {Sergi Valverde and Mariano Cabezas and Eloy Roura and Sandra González-Villà and Deborah Pareto and Joan-Carles Vilanova and LLuís Ramió-Torrentà and Àlex Rovira and Arnau Oliver and Xavier Lladó},
    title         = {Improving automated multiple sclerosis lesion segmentation with a cascaded 3D convolutional neural network approach},
    year          = {2017},
    location      = {University of Girona, Spain},
    link          = {https://arxiv.org/abs/1702.04869}
} 

@inproceedings{VALVERDE:2018,
    author        = {Sergi Valverde and Mostafa Salem and Mariano Cabezas and Deborah Pareto and Joan C. Vilanova and Lluís Ramió-Torrentà and Àlex Rovira and Joaquim Salvi and Arnau Oliver and Xavier Lladó},
    title         = {One-shot domain adaptation in multiple sclerosis lesion segmentation using convolutional neural networks},
    year          = {2018},
    location      = {University of Girona, Spain},
    link          = {https://arxiv.org/abs/1805.12415}
} 

@inproceedings{NATURE:2018,
    author        = {Olivier Commowick and Audrey Istace and Michaël Kain and Baptiste Laurent and Florent Leray and Mathieu Simon and Sorina Camarasu Pop and Pascal Girard and Roxana Améli and Jean-Christophe Ferré and Anne Kerbrat and Thomas Tourdias and Frédéric Cervenansky and Tristan Glatard and Jérémy Beaumont and Senan Doyle and Florence Forbes and Jesse Knight and April Khademi and  Amirreza Mahbod and Chunliang Wang and Richard McKinley and Franca Wagner and John Muschelli and Elizabeth Sweeney and Eloy Roura and Xavier Lladó and Michel M. Santos and Wellington P. Santos and Abel G. Silva-Filho and Xavier Tomas-Fernandez and Hélène Urien and Isabelle Bloch and Sergi Valverde and Mariano Cabezas and Francisco Javier Vera-Olmos and Norberto Malpica and Charles Guttmann and Sandra Vukusic and Gilles Edan and Michel Dojat and Martin Styner and Simon K. Warfield and François Cotton and Christian Barillot},
    title         = {Objective Evaluation of Multiple Sclerosis Lesion Segmentation using a Data Management and Processing Infrastructure},
    year          = {2018},
    location      = {Nature scientific reports},
    link          = {https://www.researchgate.net/publication/327603771}
} 

@inproceedings{MICCAI_MSSEG:2016,
    author        = {Olivier Commowick and Frédéric Cervenansky and Roxana Ameli},
    title         = {MSSEG Challenge Proceedings: Multiple Sclerosis Lesions Segmentation Challenge Using a Data Management and Processing Infrastructure},
    year          = {2016},
    location      = {Athènes, Greece},
    link          = {https://www.hal.inserm.fr/inserm-01397806/file/MSSEG_Challenge_Proceedings.pdf}
} 

@inproceedings{VALVERDE:2016,
    author        = {Sergi Valverde and Mariano Cabezas and Eloy Roura and Sandra González-Villà and Joaquim Salvi and Arnau Oliver and and Xavier Lladó},
    title         = {Multiple sclerosis lesion detection and segmentation using a convolutional neural network of 3D patches},
    year          = {2016},
    location      = {University of Girona, Spain},
    link          = {http://marianocabezas.github.io/miccai_challenge2016/}
} 





